<?xml version="1.0" encoding="UTF-8"?><collection xmlns="http://www.loc.gov/MARC21/slim"><record><leader>00362nam--2200121-i-4500</leader><controlfield tag="001">000034518</controlfield><controlfield tag="002">20161230</controlfield><controlfield tag="005">20161230201040</controlfield><controlfield tag="008">060222s1000------------r-----000-0-eng-d</controlfield><datafield ind1=" " ind2=" " tag="080"><subfield code="a">699.81</subfield></datafield><datafield ind1=" " ind2=" " tag="245"><subfield code="a">Normativ pentru proiectarea si executarea constructiilor din punct de vedere al prevenirii incendiilor</subfield></datafield><datafield ind1=" " ind2=" " tag="260"><subfield code="a">Bucuresti, Ed.Tehnica, 1957, 152p</subfield></datafield><datafield ind1=" " ind2=" " tag="852"><subfield code="a">5310</subfield></datafield></record></collection>